@inproceedings{Hiney_2015,
	doi = {10.1109/ares.2015.20},
	url = {http://dx.doi.org/10.1109/ares.2015.20},
	year = 2015,
	month = {aug},
	publisher = {Institute of Electrical {\&} Electronics Engineers ({IEEE})},
	author = {Jason Hiney and Tejas Dakve and Krzysztof Szczypiorski and Kris Gaj},
	title = {Using Facebook for Image Steganography},
	booktitle = {2015 10th International Conference on Availability, Reliability and Security}
}
